<?xml version="1.0" encoding="UTF-8"?><collection xmlns="http://www.loc.gov/MARC21/slim"><record><leader>00460nam--2200133-i-4500</leader><controlfield tag="001">000006165</controlfield><controlfield tag="002">20161230</controlfield><controlfield tag="005">20170211145446</controlfield><controlfield tag="008">060222s1000------------r-----000-0-eng-d</controlfield><datafield ind1=" " ind2=" " tag="100"><subfield code="a">Buznea, Dinu</subfield></datafield><datafield ind1=" " ind2=" " tag="245"><subfield code="a">Contributii la teoria si calculul regimurilor de functionare ale amplificatoarelor clasa c c u tranzistoare. Autoreferatul lucrarii de disertatie</subfield></datafield><datafield ind1=" " ind2=" " tag="260"><subfield code="a">Bucuresti</subfield><subfield code="b">Academia Militara G-la</subfield><subfield code="c">1963</subfield></datafield><datafield ind1=" " ind2=" " tag="300"><subfield code="a">56 p.Lito</subfield></datafield><datafield ind1=" " ind2=" " tag="CAT"><subfield code="a">SYS</subfield><subfield code="c">20170211</subfield><subfield code="h">145446</subfield></datafield></record></collection>